% This file was created with JabRef 2.10b2.
% Encoding: UTF-8


@Article{fries2003measuring,
  Title                    = {Measuring and monitoring success in compressing morbidity},
  Author                   = {Fries, James F},
  Journal                  = {Annals of Internal Medicine},
  Year                     = {2003},
  Number                   = {5\_Part\_2},
  Pages                    = {455--459},
  Volume                   = {139},

  Publisher                = {Am Coll Physicians}
}

@Article{klijs2011future,
  Title                    = {Future disability projections could be improved by connecting to the theory of a dynamic equilibrium},
  Author                   = {Klijs, Bart and Mackenbach, Johan P and Kunst, Anton E},
  Journal                  = {Journal of clinical epidemiology},
  Year                     = {2011},
  Number                   = {4},
  Pages                    = {436--443},
  Volume                   = {64},

  Owner                    = {tim},
  Publisher                = {Elsevier},
  Timestamp                = {2017.10.26}
}

@Article{klijs2011obesity,
  Title                    = {Obesity, smoking, alcohol consumption and years lived with disability: a Sullivan life table approach},
  Author                   = {Klijs, Bart and Mackenbach, Johan P and Kunst, Anton E},
  Journal                  = {BMC Public Health},
  Year                     = {2011},
  Number                   = {1},
  Pages                    = {378},
  Volume                   = {11},

  Owner                    = {tim},
  Publisher                = {BioMed Central},
  Timestamp                = {2017.10.26}
}

@Article{klijs2010disability,
  Title                    = {Disability occurrence and proximity to death},
  Author                   = {Klijs, Bart and Mackenbach, Johan P and Kunst, Anton E},
  Journal                  = {Disability and rehabilitation},
  Year                     = {2010},
  Number                   = {21},
  Pages                    = {1733--1741},
  Volume                   = {32},

  Owner                    = {tim},
  Publisher                = {Taylor \& Francis},
  Timestamp                = {2017.10.26}
}

@InProceedings{vanRaalte2015HLE,
  Title                    = {Accounting for temporal variation in morbidity},
  Author                   = {van Raalte, Alyson and Riffe, Tim},
  Booktitle                = {Presented at the Annual Meeting of the Population Association of America},
  Year                     = {2016},

  Owner                    = {tim},
  Timestamp                = {2016.12.12}
}

@Article{riffe2017ttd,
  Title                    = {Time-to-death patterns in markers of age and dependency},
  Author                   = {{Riffe, T.} and Chung, P. H. and Spijker, J. and MacInnes, J.},
  Journal                  = {Vienna Yearbook of Population Research},
  Year                     = {2017},
  Note                     = {(in press)},
  Pages                    = {229-254},
  Volume                   = {14},

  Owner                    = {riffe},
  Timestamp                = {2015.08.05}
}

@Article{steptoe2012cohort,
  Title                    = {Cohort profile: the English longitudinal study of ageing},
  Author                   = {Steptoe, Andrew and Breeze, Elizabeth and Banks, James and Nazroo, James},
  Journal                  = {International journal of epidemiology},
  Year                     = {2012},
  Pages                    = {dys168},

  Publisher                = {IEA}
}

@Electronic{HRS,
  Title                    = {{RAND HRS Data, Version P}},

  Address                  = {Santa Monica, CA},
  Month                    = {September},
  Note                     = {Produced by the RAND Center for the Study of Aging, with funding from the National Institute on Aging and the Social Security Administration.},
  Year                     = {2013},

  Owner                    = {triffe},
  Timestamp                = {2014.07.14}
}

